<?xml version="1.0" encoding="UTF-8"?><record xmlns="http://www.loc.gov/MARC21/slim" xmlns:cinclude="http://apache.org/cocoon/include/1.0" xmlns:zs="http://www.loc.gov/zing/srw/">
  <leader>00478cz  a2200133n  4500</leader>
  <controlfield tag="001">n  92072352 </controlfield>
  <controlfield tag="003">DLC</controlfield>
  <controlfield tag="005">19980901132824.7</controlfield>
  <controlfield tag="008">920716n| acannaab|          |n aaa |||  </controlfield>
  <datafield tag="010" ind1=" " ind2=" ">
    <subfield code="a">n  92072352 </subfield>
  </datafield>
  <datafield tag="040" ind1=" " ind2=" ">
    <subfield code="a">DLC</subfield>
    <subfield code="c">DLC</subfield>
    <subfield code="d">DLC</subfield>
  </datafield>
  <datafield tag="100" ind1="1" ind2="0">
    <subfield code="a">Rand, Muriel K.</subfield>
  </datafield>
  <datafield tag="670" ind1=" " ind2=" ">
    <subfield code="a">Morrow, L.M. Resources in early literacy ... c1992:</subfield>
    <subfield code="b">CIP t.p. (Muriel K. Rand; Rutgers Univ.)</subfield>
  </datafield>
  <datafield tag="670" ind1=" " ind2=" ">
    <subfield code="a">Voices of student teachers, c1999:</subfield>
    <subfield code="b">CIP t.p. (Muriel K. Rand, Jersey City Univ.) data sheet (b. Sept. 20, 1959)</subfield>
  </datafield>
</record>